@Article{haykin2005,
    author = "Simon Haykin",
    title = "Cognitive Radio: Brain-Empowered Wireless Communications",
    journal = "IEEE Journal on selected areas in communications",
    year = 2005,
    volume = 23,
    number = 2,  
}

@Article{kolodzy2006,
    author = "Paul J Kolodzy",
    title = "Interference Temperature: A Metric for Dynamic Spectrum Utilization",
    year = 2006,
}

@Book{percival1993,
    author = "D B Percival and A T Walden",
    title = "Spectral Analysis for Physical Applications",
    publisher = "Cambridge University Press",
    year = 1993,
    address = "London, UK",
}

@Article{thomson1982,
    author = "David J Thomson",
    title = "Spectrum estimation and harmonic analysis",
    year = 1982,
    month = "September",
    journal = "Proceedings of the IEEE",
    volume = 70,
}

@Article{clancy2006,
    author = "T. Charles Clancy",
    title = "Formalizing the Interference Temperature Model",
    year = 2006,
    journal = "Wiley Journal on wireless communications and mobile computing",
}

@Book{strang2009,
    author = "Gilbert Strang",
    title = "Introduction to Linear Algebra",
    year = 2009,
    publisher = "Wellesley-Cambridge Press",
    address = "Wellesley, Massachusetts, USA"
}